<?xml version='1.0' encoding='utf-8'?>
<record xmlns="http://www.loc.gov/MARC21/slim" xmlns:xsi="http://www.w3.org/2001/XMLSchema-instance">
  <leader>00000nkdaa22003131a^4500</leader>
  <controlfield tag="001">002748692</controlfield>
  <controlfield tag="005">20080411121609.0</controlfield>
  <controlfield tag="008">940131i18501859miunnn^^^^^^^^^^^^kneng^d</controlfield>
  <datafield tag="035" ind1=" " ind2=" ">
    <subfield code="a">(RLIN)MIUV92-F492</subfield>
  </datafield>
  <datafield tag="035" ind1=" " ind2=" ">
    <subfield code="a">(OCoLC)ocm35063918</subfield>
  </datafield>
  <datafield tag="040" ind1=" " ind2=" ">
    <subfield code="a">MiU-H</subfield>
    <subfield code="c">MiU-H</subfield>
    <subfield code="e">gihc</subfield>
    <subfield code="d">MiU</subfield>
  </datafield>
  <datafield tag="100" ind1="1" ind2=" ">
    <subfield code="a">Marsh, Theodore D.</subfield>
  </datafield>
  <datafield tag="245" ind1="0" ind2="0">
    <subfield code="a">Theodore Marsh photograph series.</subfield>
  </datafield>
  <datafield tag="260" ind1=" " ind2=" ">
    <subfield code="c">1850s.</subfield>
  </datafield>
  <datafield tag="300" ind1=" " ind2=" ">
    <subfield code="a">1 v.</subfield>
  </datafield>
  <datafield tag="545" ind1=" " ind2=" ">
    <subfield code="a">Presbyterian clergyman.</subfield>
  </datafield>
  <datafield tag="520" ind1=" " ind2=" ">
    <subfield code="a">Album kept by Augustus Marsh, containing portraits of faculty and students at Auburn Theological Seminary; also photos of some University of Michigan faculty.</subfield>
  </datafield>
  <datafield tag="500" ind1=" " ind2=" ">
    <subfield code="a">Donor: 106</subfield>
  </datafield>
  <datafield tag="580" ind1=" " ind2=" ">
    <subfield code="a">Forms part of Marsh, Theodore. Theodore Marsh papers.</subfield>
  </datafield>
  <datafield tag="610" ind1="2" ind2="0">
    <subfield code="a">Auburn Theological Seminary (New York, N.Y.)</subfield>
  </datafield>
  <datafield tag="600" ind1="1" ind2="0">
    <subfield code="a">Marsh, Augustus.</subfield>
  </datafield>
  <datafield tag="655" ind1=" " ind2="7">
    <subfield code="a">Photographs.</subfield>
    <subfield code="2">aat</subfield>
  </datafield>
  <datafield tag="610" ind1="2" ind2="0">
    <subfield code="a">University of Michigan</subfield>
    <subfield code="x">Faculty.</subfield>
  </datafield>
  <datafield tag="700" ind1="1" ind2=" ">
    <subfield code="a">Marsh, Augustus.</subfield>
  </datafield>
  <datafield tag="773" ind1="1" ind2=" ">
    <subfield code="a">Marsh, Theodore.</subfield>
    <subfield code="7">p1bc</subfield>
    <subfield code="t">Theodore Marsh papers.</subfield>
    <subfield code="w">(CStRLIN)MIUV85-A1821</subfield>
  </datafield>
  <datafield tag="852" ind1="8" ind2=" ">
    <subfield code="a">MiU-H</subfield>
    <subfield code="b">BENT</subfield>
    <subfield code="h">851821 Ac Aa 2</subfield>
  </datafield>
  <datafield tag="998" ind1=" " ind2=" ">
    <subfield code="c">MFM</subfield>
    <subfield code="s">9114</subfield>
  </datafield>
  <datafield tag="LKR" ind1=" " ind2=" ">
    <subfield code="a">UP</subfield>
    <subfield code="b">002740106</subfield>
    <subfield code="l">MIU01</subfield>
    <subfield code="r">773</subfield>
    <subfield code="m">Theodore Marsh photograph series.</subfield>
    <subfield code="n">Theodore Marsh papers,</subfield>
  </datafield>
  <datafield tag="955" ind1=" " ind2=" ">
    <subfield code="b">BENT</subfield>
    <subfield code="p">B1063882</subfield>
  </datafield>
</record>
